@TechReport{Cogleyetal2011,
  Author = {J.G. Cogley and R. Hock and L.A. Rasmussen and A.A. Arendt and A. Bauder and R.J. Braith
waite and P. Jansson and G. Kaser and M. MÃ¶ller and L. Nicholson and M. Zemp},
  Title = {Glossary of Glacier Mass Balance and Related Terms},
  type = {IHP-VII Technical Documents in Hydrology},
  number = {86},
  institution = {UNESCO-IHP},
  address = {Paris},
  Year = {2011},
}
%note = {IACS Contribution No. 2}

@Book{GreveBlatter2009,
  AUTHOR    = {R. Greve and H. Blatter},
  TITLE     = {Dynamics of {I}ce {S}heets and {G}laciers},
  SERIES    = {Advances in Geophysical and Environmental Mechanics and
               Mathematics},
  PUBLISHER = {Springer},
  ADDRESS   = {Berlin},
  YEAR      = {2009},
}

@Article{JouvetRappaz2011,
  author={Jouvet, G. and Rappaz, J.},
  title={Analysis and finite element approximation of a nonlinear stationary
         {S}tokes problem arising in glaciology},
  journal={Advances in Numerical Analysis},
  doi={10.1155/2011/164581},
  year={2011},
}

@article{SavagePaterson1963,
author = {Savage, J. C. and Paterson, W. S. B.},
title = {Borehole measurements in the {Athabasca Glacier}},
journal = {Journal of Geophysical Research},
volume = {68},
number = {15},
pages = {4521-4536},
doi = {https://doi.org/10.1029/JZ068i015p04521},
year = {1963}
}

@Article {SchoofHewitt2013,
  AUTHOR    = {C. Schoof and I. J. Hewitt},
  TITLE     = {Ice-sheet dynamics},
  JOURNAL   = {Annual Review of Fluid Mechanics},
  VOLUME    = {45},
  PAGES     = {217--239},
  YEAR      = {2013},
  doi       = {10.1002/jgrf.20146},
}

@book{vanderVeen2013,
    AUTHOR = {C. J. van der Veen},
     TITLE = {Fundamentals of {G}lacier {D}ynamics},
    EDITION = {2nd},
 PUBLISHER = {CRC Press},
      YEAR = {2013},
}
